<?xml version="1.0" encoding="UTF-8"?><collection xmlns="http://www.loc.gov/MARC21/slim"><record><leader>00658nam--2200193-u-4500</leader><controlfield tag="001">000051340</controlfield><controlfield tag="002">20161230</controlfield><controlfield tag="005">20161230201049</controlfield><controlfield tag="008">080702s1000------------r-----000-0-eng-d</controlfield><datafield ind1=" " ind2=" " tag="020"><subfield code="a">0-792-32851-5</subfield></datafield><datafield ind1=" " ind2=" " tag="040"><subfield code="a">IFIN-HH</subfield></datafield><datafield ind1=" " ind2=" " tag="080"><subfield code="a">519.226</subfield></datafield><datafield ind1="1" ind2="0" tag="100"><subfield code="a">Heidbreder, Glenn R. (Ed.)</subfield></datafield><datafield ind1="1" ind2="0" tag="245"><subfield code="a">Maximum Entropy and Bayseian Methods, Santa Barbara, California, USA, 1993, Proceedings of the Thirteenth International Workshop on Maximum Entropy and Bayesian Methods</subfield></datafield><datafield ind1=" " ind2=" " tag="260"><subfield code="a">Dordrecht</subfield><subfield code="b">Kluwer Academic Press</subfield><subfield code="c">1996</subfield></datafield><datafield ind1=" " ind2=" " tag="300"><subfield code="a">411 p</subfield></datafield><datafield ind1=" " ind2=" " tag="490"><subfield code="a">Fundamental Theories of Physics</subfield><subfield code="v">vol. 62</subfield></datafield><datafield ind1=" " ind2=" " tag="852"><subfield code="a">82039</subfield><subfield code="c">621.391</subfield></datafield><datafield ind1=" " ind2=" " tag="CAT"><subfield code="a">Sys</subfield><subfield code="c">20080702</subfield><subfield code="h">100111</subfield></datafield></record></collection>